<?xml version="1.0" encoding="UTF-8"?><collection xmlns="http://www.loc.gov/MARC21/slim"><record><leader>00424nam--2200169-u-4500</leader><controlfield tag="001">000054551</controlfield><controlfield tag="002">20161230</controlfield><controlfield tag="005">20161230201051</controlfield><controlfield tag="008">120124s1000------------r-----000-0-eng-d</controlfield><datafield ind1=" " ind2=" " tag="040"><subfield code="a">IFIN-HH</subfield></datafield><datafield ind1=" " ind2=" " tag="080"><subfield code="a">539.12.4</subfield></datafield><datafield ind1="1" ind2=" " tag="100"><subfield code="a">Rose, M.E</subfield></datafield><datafield ind1="1" ind2="0" tag="245"><subfield code="a">Relativistic electron theory</subfield><subfield code="c">M.e. rose</subfield></datafield><datafield ind1=" " ind2=" " tag="260"><subfield code="a">New York</subfield><subfield code="b">John Wiley &amp; Sons, Inc</subfield><subfield code="c">1961</subfield></datafield><datafield ind1=" " ind2=" " tag="300"><subfield code="a">302P</subfield></datafield><datafield ind1=" " ind2=" " tag="852"><subfield code="a">78886</subfield><subfield code="c">539.12</subfield></datafield><datafield ind1=" " ind2=" " tag="CAT"><subfield code="a">Sys</subfield><subfield code="c">20120124</subfield><subfield code="h">144423</subfield></datafield></record></collection>